% Encoding: UTF-8

@article{DBLP:journals/pacmpl/OmarVCH19,
  author    = {Cyrus Omar and
               Ian Voysey and
               Ravi Chugh and
               Matthew A. Hammer},
  title     = {Live functional programming with typed holes},
  journal   = {Proc. {ACM} Program. Lang.},
  volume    = {3},
  number    = {{POPL}},
  pages     = {14:1--14:32},
  year      = {2019},
  url       = {https://doi.org/10.1145/3290327},
  doi       = {10.1145/3290327},
  timestamp = {Thu, 16 Apr 2020 13:51:44 +0200},
  biburl    = {https://dblp.org/rec/journals/pacmpl/OmarVCH19.bib},
  bibsource = {dblp computer science bibliography, https://dblp.org}
}

@inproceedings{DBLP:conf/popl/OmarVHAH17,
  author    = {Cyrus Omar and
               Ian Voysey and
               Michael Hilton and
               Jonathan Aldrich and
               Matthew A. Hammer},
  editor    = {Giuseppe Castagna and
               Andrew D. Gordon},
  title     = {Hazelnut: a bidirectionally typed structure editor calculus},
  booktitle = {Proceedings of the 44th {ACM} {SIGPLAN} Symposium on Principles of
               Programming Languages, {POPL} 2017, Paris, France, January 18-20,
               2017},
  pages     = {86--99},
  publisher = {{ACM}},
  year      = {2017},
  url       = {http://dl.acm.org/citation.cfm?id=3009900},
  timestamp = {Tue, 06 Nov 2018 11:07:42 +0100},
  biburl    = {https://dblp.org/rec/conf/popl/OmarVHAH17.bib},
  bibsource = {dblp computer science bibliography, https://dblp.org}
}

@book{Harper2012, address={Cambridge}, title={Practical Foundations for Programming Languages}, chapter=8, DOI={10.1017/CBO9781139342131}, publisher={Cambridge University Press}, author={Harper, Robert}, year={2012},}

@inproceedings{DBLP:conf/pldi/IsradisaikulM13,
  author    = {Chinawat Isradisaikul and
               Andrew C. Myers},
  editor    = {Hans{-}Juergen Boehm and
               Cormac Flanagan},
  title     = {Reconciling exhaustive pattern matching with objects},
  booktitle = {{ACM} {SIGPLAN} Conference on Programming Language Design and Implementation,
               {PLDI} '13, Seattle, WA, USA, June 16-19, 2013},
  pages     = {343--354},
  publisher = {{ACM}},
  year      = {2013},
  url       = {https://doi.org/10.1145/2491956.2462194},
  doi       = {10.1145/2491956.2462194},
  timestamp = {Fri, 30 Nov 2018 12:24:24 +0100},
  biburl    = {https://dblp.org/rec/conf/pldi/IsradisaikulM13.bib},
  bibsource = {dblp computer science bibliography, https://dblp.org}
}

