% Encoding: UTF-8

@article{DBLP:journals/pacmpl/OmarVCH19,
  author    = {Cyrus Omar and
               Ian Voysey and
               Ravi Chugh and
               Matthew A. Hammer},
  title     = {Live functional programming with typed holes},
  journal   = {Proc. {ACM} Program. Lang.},
  volume    = {3},
  number    = {{POPL}},
  pages     = {14:1--14:32},
  year      = {2019},
  url       = {https://doi.org/10.1145/3290327},
  timestamp = {Thu, 16 Apr 2020 13:51:44 +0200},
  biburl    = {https://dblp.org/rec/journals/pacmpl/OmarVCH19.bib},
  bibsource = {dblp computer science bibliography, https://dblp.org}
}

@inproceedings{DBLP:conf/popl/OmarVHAH17,
  author    = {Cyrus Omar and
               Ian Voysey and
               Michael Hilton and
               Jonathan Aldrich and
               Matthew A. Hammer},
  editor    = {Giuseppe Castagna and
               Andrew D. Gordon},
  title     = {Hazelnut: a bidirectionally typed structure editor calculus},
  booktitle = {Proceedings of the 44th {ACM} {SIGPLAN} Symposium on Principles of
               Programming Languages, {POPL} 2017, Paris, France, January 18-20,
               2017},
  pages     = {86--99},
  publisher = {{ACM}},
  year      = {2017},
  url       = {http://dl.acm.org/citation.cfm?id=3009900},
  timestamp = {Tue, 06 Nov 2018 11:07:42 +0100},
  biburl    = {https://dblp.org/rec/conf/popl/OmarVHAH17.bib},
  bibsource = {dblp computer science bibliography, https://dblp.org}
}

@book{Harper2012, address={Cambridge}, title={Practical Foundations for Programming Languages}, chapter=8, DOI={10.1017/CBO9781139342131}, publisher={Cambridge University Press}, author={Harper, Robert}, year={2012},}

@inproceedings{DBLP:conf/ecoop/SiekT07,
  author    = {Jeremy G. Siek and
               Walid Taha},
  editor    = {Erik Ernst},
  title     = {Gradual Typing for Objects},
  booktitle = {{ECOOP} 2007 - Object-Oriented Programming, 21st European Conference,
               Berlin, Germany, July 30 - August 3, 2007, Proceedings},
  series    = {Lecture Notes in Computer Science},
  volume    = {4609},
  pages     = {2--27},
  publisher = {Springer},
  year      = {2007},
  url       = {https://doi.org/10.1007/978-3-540-73589-2\_2},
  doi       = {10.1007/978-3-540-73589-2\_2},
  timestamp = {Sun, 02 Jun 2019 21:16:57 +0200},
  biburl    = {https://dblp.org/rec/conf/ecoop/SiekT07.bib},
  bibsource = {dblp computer science bibliography, https://dblp.org}
}

@inproceedings{Siek2006,
author = {Siek, Jeremy and Taha, Walid},
year = {2006},
month = {01},
pages = {},
title = {Gradual typing for functional languages},
journal = {Scheme and Functional Programming}
}

@techreport{pep484,
  author  = {Guido van Rossum and Jukka Lehtosalo and ≈Åukasz Langa},
  title   = {Type Hints},
  year    = {2014},
  type    = {PEP},
  number  = {484},
  url     = {https://www.python.org/dev/peps/pep-0484/},
}

@techreport{pep622,
  author  = {Brandt Bucher and Tobias Kohn and Ivan Levkivskyi and Guido van Rossum and Talin},
  title   = {Structural Pattern Matching},
  year    = {2020},
  type    = {PEP},
  number  = {622},
  url     = {https://www.python.org/dev/peps/pep-0622/},
}

