% Encoding: UTF-8


@article{DBLP:journals/csur/DunfieldK21,
  author    = {Jana Dunfield and
               Neel Krishnaswami},
  title     = {Bidirectional Typing},
  journal   = {{ACM} Comput. Surv.},
  volume    = {54},
  number    = {5},
  pages     = {98:1--98:38},
  year      = {2021},
  url       = {https://doi.org/10.1145/3450952},
  doi       = {10.1145/3450952},
  timestamp = {Sat, 08 Jan 2022 02:23:08 +0100},
  biburl    = {https://dblp.org/rec/journals/csur/DunfieldK21.bib},
  bibsource = {dblp computer science bibliography, https://dblp.org}
}




@article{DBLP:journals/pacmpl/LubinCOC20,
  author    = {Justin Lubin and
               Nick Collins and
               Cyrus Omar and
               Ravi Chugh},
  title     = {Program sketching with live bidirectional evaluation},
  journal   = {Proc. {ACM} Program. Lang.},
  volume    = {4},
  number    = {{ICFP}},
  pages     = {109:1--109:29},
  year      = {2020},
  url       = {https://doi.org/10.1145/3408991},
  doi       = {10.1145/3408991},
  timestamp = {Sat, 08 Jan 2022 02:21:40 +0100},
  biburl    = {https://dblp.org/rec/journals/pacmpl/LubinCOC20.bib},
  bibsource = {dblp computer science bibliography, https://dblp.org}
}



@inproceedings{DBLP:conf/haskell/Gissurarson18,
  author    = {Matth{\'{\i}}as P{\'{a}}ll Gissurarson},
  editor    = {Nicolas Wu},
  title     = {Suggesting valid hole fits for typed-holes (experience report)},
  booktitle = {Proceedings of the 11th {ACM} {SIGPLAN} International Symposium on
               Haskell, Haskell@ICFP 2018, St. Louis, MO, USA, September 27-17, 2018},
  pages     = {179--185},
  publisher = {{ACM}},
  year      = {2018},
  url       = {https://doi.org/10.1145/3242744.3242760},
  doi       = {10.1145/3242744.3242760},
  timestamp = {Wed, 23 Jun 2021 15:34:31 +0200},
  biburl    = {https://dblp.org/rec/conf/haskell/Gissurarson18.bib},
  bibsource = {dblp computer science bibliography, https://dblp.org}
}



@article{DBLP:journals/pacmpl/OmarVCH19,
  author    = {Cyrus Omar and
               Ian Voysey and
               Ravi Chugh and
               Matthew A. Hammer},
  title     = {Live functional programming with typed holes},
  journal   = {Proc. {ACM} Program. Lang.},
  volume    = {3},
  number    = {{POPL}},
  pages     = {14:1--14:32},
  year      = {2019},
  url       = {https://doi.org/10.1145/3290327},
  timestamp = {Thu, 16 Apr 2020 13:51:44 +0200},
  biburl    = {https://dblp.org/rec/journals/pacmpl/OmarVCH19.bib},
  bibsource = {dblp computer science bibliography, https://dblp.org}
}

@inproceedings{DBLP:conf/popl/OmarVHAH17,
  author    = {Cyrus Omar and
               Ian Voysey and
               Michael Hilton and
               Jonathan Aldrich and
               Matthew A. Hammer},
  editor    = {Giuseppe Castagna and
               Andrew D. Gordon},
  title     = {Hazelnut: a bidirectionally typed structure editor calculus},
  booktitle = {Proceedings of the 44th {ACM} {SIGPLAN} Symposium on Principles of
               Programming Languages, {POPL} 2017, Paris, France, January 18-20,
               2017},
  pages     = {86--99},
  publisher = {{ACM}},
  year      = {2017},
  url       = {http://dl.acm.org/citation.cfm?id=3009900},
  timestamp = {Tue, 06 Nov 2018 11:07:42 +0100},
  biburl    = {https://dblp.org/rec/conf/popl/OmarVHAH17.bib},
  bibsource = {dblp computer science bibliography, https://dblp.org}
}

@book{Harper2012, 
  address.  = {Cambridge}, 
  title     = {Practical Foundations for Programming Languages}, 
  chapter   = 8, 
  DOI       = {10.1017/CBO9781139342131},
  publisher = {Cambridge University Press}, 
  author    = {Harper, Robert}, 
  year      = {2012}
}

@inproceedings{HazelnutSNAPL,
  author = {Omar, Cyrus and {Voysey}, Ian and {Hilton}, Michael and
             {Sunshine}, Joshua and {Le Goues}, Claire and
             {Aldrich}, Jonathan and {Hammer}, Matthew A.},
  title = {Toward Semantic Foundations for Program Editors},
  url       = {https://doi.org/10.4230/LIPIcs.SNAPL.2017.11},
  booktitle = {Summit on Advances in Programming Languages (SNAPL)},
  year = {2017},
  sortyear={2017-2},
}

@inproceedings{DBLP:conf/ecoop/SiekT07,
  author    = {Jeremy G. Siek and
               Walid Taha},
  editor    = {Erik Ernst},
  title     = {Gradual Typing for Objects},
  booktitle = {{ECOOP} 2007 - Object-Oriented Programming, 21st European Conference,
               Berlin, Germany, July 30 - August 3, 2007, Proceedings},
  series    = {Lecture Notes in Computer Science},
  volume    = {4609},
  pages     = {2--27},
  publisher = {Springer},
  year      = {2007},
  url       = {https://doi.org/10.1007/978-3-540-73589-2\_2},
  doi       = {10.1007/978-3-540-73589-2\_2},
  timestamp = {Sun, 02 Jun 2019 21:16:57 +0200},
  biburl    = {https://dblp.org/rec/conf/ecoop/SiekT07.bib},
  bibsource = {dblp computer science bibliography, https://dblp.org}
}

@inproceedings{DBLP:conf/oopsla/KatsJNV09,
  author    = {Lennart C. L. Kats and
               Maartje de Jonge and
               Emma Nilsson{-}Nyman and
               Eelco Visser},
  editor    = {Shail Arora and
               Gary T. Leavens},
  title     = {Providing rapid feedback in generated modular language environments:
               adding error recovery to scannerless generalized-LR parsing},
  booktitle = {Proceedings of the 24th Annual {ACM} {SIGPLAN} Conference on Object-Oriented
               Programming, Systems, Languages, and Applications, {OOPSLA} 2009,
               October 25-29, 2009, Orlando, Florida, {USA}},
  pages     = {445--464},
  publisher = {{ACM}},
  year      = {2009},
  url       = {https://doi.org/10.1145/1640089.1640122},
  doi       = {10.1145/1640089.1640122},
  timestamp = {Fri, 25 Jun 2021 14:48:54 +0200},
  biburl    = {https://dblp.org/rec/conf/oopsla/KatsJNV09.bib},
  bibsource = {dblp computer science bibliography, https://dblp.org}
}

@inproceedings{DBLP:conf/snapl/SiekVCB15,
  author    = {Jeremy G. Siek and
               Michael M. Vitousek and
               Matteo Cimini and
               John Tang Boyland},
  editor    = {Thomas Ball and
               Rastislav Bod{\'{\i}}k and
               Shriram Krishnamurthi and
               Benjamin S. Lerner and
               Greg Morrisett},
  title     = {Refined Criteria for Gradual Typing},
  booktitle = {1st Summit on Advances in Programming Languages, {SNAPL} 2015, May
               3-6, 2015, Asilomar, California, {USA}},
  series    = {LIPIcs},
  volume    = {32},
  pages     = {274--293},
  publisher = {Schloss Dagstuhl - Leibniz-Zentrum f{\"{u}}r Informatik},
  year      = {2015},
  url       = {https://doi.org/10.4230/LIPIcs.SNAPL.2015.274},
  doi       = {10.4230/LIPIcs.SNAPL.2015.274},
  timestamp = {Tue, 11 Feb 2020 15:52:14 +0100},
  biburl    = {https://dblp.org/rec/conf/snapl/SiekVCB15.bib},
  bibsource = {dblp computer science bibliography, https://dblp.org}
}

@inproceedings{Siek2006,
author = {Siek, Jeremy and Taha, Walid},
year = {2006},
month = {01},
pages = {},
title = {Gradual typing for functional languages},
journal = {Scheme and Functional Programming}
}

@techreport{pep484,
  author  = {Guido van Rossum and Jukka Lehtosalo and ≈Åukasz Langa},
  title   = {Type Hints},
  year    = {2014},
  type    = {PEP},
  number  = {484},
  url     = {https://www.python.org/dev/peps/pep-0484/},
}

@techreport{pep622,
  author  = {Brandt Bucher and Tobias Kohn and Ivan Levkivskyi and Guido van Rossum and Talin},
  title   = {Structural Pattern Matching},
  year    = {2020},
  type    = {PEP},
  number  = {622},
  url     = {https://www.python.org/dev/peps/pep-0622/},
}

@techreport{Baudinet85treepattern,
    author = {Marianne Baudinet and David MacQueen},
    title = {Tree Pattern Matching for ML (Extended Abstract)},
    institution = {},
    year = {1985}
}

@techreport{Maranget94lazybacktracking,
    author = {Luc Maranget},
    title = {Two Techniques for Compiling Lazy Pattern Matching},
    institution = {HAL-Inria},
    year = {1994}
}

@techreport{Aitken92smlnj,
    author = {Williams Aitken},
    title = {SML/NJ Match Compiler Notes},
    institution = {},
    year = {1992}
}

@InProceedings{Sestoft96mlpattern,
author="Sestoft, Peter",
editor="Danvy, Olivier
and Gl{\"u}ck, Robert
and Thiemann, Peter",
title="ML pattern match compilation and partial evaluation",
booktitle="Partial Evaluation",
year="1996",
publisher="Springer Berlin Heidelberg",
address="Berlin, Heidelberg",
pages="446--464",
isbn="978-3-540-70589-5"
}

@article{DBLP:journals/jfp/Maranget07,
  author    = {Luc Maranget},
  title     = {Warnings for pattern matching},
  journal   = {J. Funct. Program.},
  volume    = {17},
  number    = {3},
  pages     = {387--421},
  year      = {2007},
  url       = {https://doi.org/10.1017/S0956796807006223},
  doi       = {10.1017/S0956796807006223},
  timestamp = {Sat, 27 May 2017 14:24:34 +0200},
  biburl    = {https://dblp.org/rec/journals/jfp/Maranget07.bib},
  bibsource = {dblp computer science bibliography, https://dblp.org}
}

@inproceedings{DBLP:conf/icfp/VazouSJVJ14,
  author    = {Niki Vazou and
               Eric L. Seidel and
               Ranjit Jhala and
               Dimitrios Vytiniotis and
               Simon L. Peyton Jones},
  editor    = {Johan Jeuring and
               Manuel M. T. Chakravarty},
  title     = {Refinement types for Haskell},
  booktitle = {Proceedings of the 19th {ACM} {SIGPLAN} international conference on
               Functional programming, Gothenburg, Sweden, September 1-3, 2014},
  pages     = {269--282},
  publisher = {{ACM}},
  year      = {2014},
  url       = {https://doi.org/10.1145/2628136.2628161},
  doi       = {10.1145/2628136.2628161},
  timestamp = {Sun, 25 Oct 2020 22:40:38 +0100},
  biburl    = {https://dblp.org/rec/conf/icfp/VazouSJVJ14.bib},
  bibsource = {dblp computer science bibliography, https://dblp.org}
}

@article{DBLP:journals/pacmpl/CockxA18,
  author    = {Jesper Cockx and
               Andreas Abel},
  title     = {Elaborating dependent (co)pattern matching},
  journal   = {Proc. {ACM} Program. Lang.},
  volume    = {2},
  number    = {{ICFP}},
  pages     = {75:1--75:30},
  year      = {2018},
  url       = {https://doi.org/10.1145/3236770},
  doi       = {10.1145/3236770},
  timestamp = {Thu, 16 Apr 2020 13:51:47 +0200},
  biburl    = {https://dblp.org/rec/journals/pacmpl/CockxA18.bib},
  bibsource = {dblp computer science bibliography, https://dblp.org}
}

@inproceedings{DBLP:conf/itp/Sozeau10,
  author    = {Matthieu Sozeau},
  editor    = {Matt Kaufmann and
               Lawrence C. Paulson},
  title     = {Equations: {A} Dependent Pattern-Matching Compiler},
  booktitle = {Interactive Theorem Proving, First International Conference, {ITP}
               2010, Edinburgh, UK, July 11-14, 2010. Proceedings},
  series    = {Lecture Notes in Computer Science},
  volume    = {6172},
  pages     = {419--434},
  publisher = {Springer},
  year      = {2010},
  url       = {https://doi.org/10.1007/978-3-642-14052-5\_29},
  doi       = {10.1007/978-3-642-14052-5\_29},
  timestamp = {Tue, 14 May 2019 10:00:37 +0200},
  biburl    = {https://dblp.org/rec/conf/itp/Sozeau10.bib},
  bibsource = {dblp computer science bibliography, https://dblp.org}
}

@inproceedings{Potter2020HazelTG,
  title={Hazel Tutor: Guiding Novices Through Type-Driven Development Strategies},
  author={Hannah Potter and Cyrus Omar},
  url={https://hazel.org/hazeltutor-hatra2020.pdf},
  year={2020}
}

@inproceedings{Reppy2019,
  title={Compiling Successor ML Pattern Guards},
  author={John Reppy and Mona Zahir},
  url={https://github.com/JohnReppy/compiling-pattern-guards/blob/master/ml19-paper.pdf},
  year={2019}
}
@inproceedings{DBLP:conf/icfp/KarachaliasSVJ15,
  author    = {Georgios Karachalias and
               Tom Schrijvers and
               Dimitrios Vytiniotis and
               Simon L. Peyton Jones},
  editor    = {Kathleen Fisher and
               John H. Reppy},
  title     = {GADTs meet their match: pattern-matching warnings that account for
               GADTs, guards, and laziness},
  booktitle = {Proceedings of the 20th {ACM} {SIGPLAN} International Conference on
               Functional Programming, {ICFP} 2015, Vancouver, BC, Canada, September
               1-3, 2015},
  pages     = {424--436},
  publisher = {{ACM}},
  year      = {2015},
  url       = {https://doi.org/10.1145/2784731.2784748},
  doi       = {10.1145/2784731.2784748},
  timestamp = {Tue, 06 Nov 2018 16:59:25 +0100},
  biburl    = {https://dblp.org/rec/conf/icfp/KarachaliasSVJ15.bib},
  bibsource = {dblp computer science bibliography, https://dblp.org}
}

@article{DBLP:journals/pacmpl/GrafJS20,
  author    = {Sebastian Graf and
               Simon Peyton Jones and
               Ryan G. Scott},
  title     = {Lower your guards: a compositional pattern-match coverage checker},
  journal   = {Proc. {ACM} Program. Lang.},
  volume    = {4},
  number    = {{ICFP}},
  pages     = {107:1--107:30},
  year      = {2020},
  url       = {https://doi.org/10.1145/3408989},
  doi       = {10.1145/3408989},
  timestamp = {Wed, 05 Aug 2020 14:40:51 +0200},
  biburl    = {https://dblp.org/rec/journals/pacmpl/GrafJS20.bib},
  bibsource = {dblp computer science bibliography, https://dblp.org}
}

@phdthesis{norell:thesis,
  author  = {Ulf Norell},
  title   = {Towards a practical programming language based on dependent type theory},
  school  = {Department of Computer Science and Engineering, Chalmers University of Technology},
  year    = 2007,
  month   = {September},
  address = {SE-412 96 G\"{o}teborg, Sweden}
}

@inproceedings{norell2009dependently,
  author    = {Ulf Norell},
  title     = {Dependently typed programming in Agda},
  booktitle = {International Workshop
               on Types in Languages Design and Implementation (TLDI)},
  year      = {2009},
  crossref  = {DBLP:conf/tldi/2009},
  url       = {https://doi.org/10.1145/1481861.1481862},
  doi       = {10.1145/1481861.1481862},
  timestamp = {Tue, 06 Nov 2018 16:58:22 +0100},
  biburl    = {https://dblp.org/rec/bib/conf/tldi/Norell09},
  bibsource = {dblp computer science bibliography, https://dblp.org}
}

@book{DBLP:books/daglib/0067558,
  author    = {Hendrik Pieter Barendregt},
  title     = {The lambda calculus - its syntax and semantics},
  series    = {Studies in logic and the foundations of mathematics},
  volume    = {103},
  publisher = {North-Holland},
  year      = {1985},
  isbn      = {978-0-444-86748-3},
  timestamp = {Fri, 28 Jun 2019 12:45:52 +0200},
  biburl    = {https://dblp.org/rec/books/daglib/0067558.bib},
  bibsource = {dblp computer science bibliography, https://dblp.org}
}

@inproceedings{DBLP:conf/cade/UrbanBN07,
  author    = {Christian Urban and
               Stefan Berghofer and
               Michael Norrish},
  editor    = {Frank Pfenning},
  title     = {Barendregt's Variable Convention in Rule Inductions},
  booktitle = {Automated Deduction - CADE-21, 21st International Conference on Automated
               Deduction, Bremen, Germany, July 17-20, 2007, Proceedings},
  series    = {Lecture Notes in Computer Science},
  volume    = {4603},
  pages     = {35--50},
  publisher = {Springer},
  year      = {2007},
  url       = {https://doi.org/10.1007/978-3-540-73595-3\_4},
  doi       = {10.1007/978-3-540-73595-3\_4},
  timestamp = {Tue, 14 May 2019 10:00:39 +0200},
  biburl    = {https://dblp.org/rec/conf/cade/UrbanBN07.bib},
  bibsource = {dblp computer science bibliography, https://dblp.org}
}

@inproceedings{DBLP:conf/lics/AwodeyGS12,
  author    = {Steven Awodey and
               Nicola Gambino and
               Kristina Sojakova},
  title     = {Inductive Types in Homotopy Type Theory},
  booktitle = {Proceedings of the 27th Annual {IEEE} Symposium on Logic in Computer
               Science, {LICS} 2012, Dubrovnik, Croatia, June 25-28, 2012},
  pages     = {95--104},
  publisher = {{IEEE} Computer Society},
  year      = {2012},
  url       = {https://doi.org/10.1109/LICS.2012.21},
  doi       = {10.1109/LICS.2012.21},
  timestamp = {Wed, 16 Oct 2019 14:14:54 +0200},
  biburl    = {https://dblp.org/rec/conf/lics/AwodeyGS12.bib},
  bibsource = {dblp computer science bibliography, https://dblp.org}
}

@article{HopcroftKarp,
  author   = {Hopcroft, John E. and Karp, Richard M.},
  title    = {An $n^{5/2}$ Algorithm for Maximum Matchings in Bipartite Graphs},
  journal  = {SIAM Journal on Computing},
  volume   = {2},
  number   = {4},
  pages    = {225-231},
  year     = {1973},
  doi      = {10.1137/0202019},
  url      = {https://doi.org/10.1137/0202019},
  eprint   = {https://doi.org/10.1137/0202019}
}

@misc{GHCHoles,
  title={Glasgow Haskell Compiler 9.2.1 User's Guide (Typed Holes)},
  author={Simon {Peyton Jones} and Sean Leather and Thijs Alkemade},
  howpublished = {\url{https://downloads.haskell.org/~ghc/latest/docs/html/users_guide/exts/typed_holes.html}. Retrieved Mar 3, 2022},
  year={2020}
}

@article{brady2013idris,
  title={{Idris, A General-Purpose Dependently Typed Programming Language: Design and Implementation}},
  author={Brady, Edwin},
  journal={Journal of Functional Programming},
  volume={23},
  number={05},
  pages={552--593},
  year={2013},
  _publisher={Cambridge Univ Press},
   url       = {https://doi.org/10.1017/S095679681300018X},
}


@article{DBLP:journals/tocl/NanevskiPP08,
  author    = {Aleksandar Nanevski and
               Frank Pfenning and
               Brigitte Pientka},
  title     = {Contextual modal type theory},
  journal   = {{ACM} Trans. Comput. Log.},
  volume    = {9},
  number    = {3},
  pages     = {23:1--23:49},
  year      = {2008},
  url       = {https://doi.org/10.1145/1352582.1352591},
  doi       = {10.1145/1352582.1352591},
  timestamp = {Tue, 06 Nov 2018 12:51:53 +0100},
  biburl    = {https://dblp.org/rec/journals/tocl/NanevskiPP08.bib},
  bibsource = {dblp computer science bibliography, https://dblp.org}
}

@article{DBLP:journals/corr/abs-1909-04160,
  author    = {Pavel Kalvoda and
               Tom Sydney Kerckhove},
  title     = {Structural and semantic pattern matching analysis in Haskell},
  journal   = {CoRR},
  volume    = {abs/1909.04160},
  year      = {2019},
  url       = {http://arxiv.org/abs/1909.04160},
  eprinttype = {arXiv},
  eprint    = {1909.04160},
  timestamp = {Tue, 17 Sep 2019 11:23:44 +0200},
  biburl    = {https://dblp.org/rec/journals/corr/abs-1909-04160.bib},
  bibsource = {dblp computer science bibliography, https://dblp.org}
}
